<?xml version="1.0" encoding="utf-8"?>
<record xmlns="http://www.loc.gov/MARC21/slim" xmlns:xsi="http://www.w3.org/2001/XMLSchema-instance" xsi:schemaLocation="http://www.loc.gov/MARC21/slim http://www.loc.gov/standards/marcxml/schema/MARC21slim.xsd">
	<leader>     nam a22     Mi 4500</leader>
	<controlfield tag="001">5267866</controlfield>
	<controlfield tag="003">NNC</controlfield>
	<controlfield tag="006">m        d        </controlfield>
	<controlfield tag="007">cr cn |||m|||a</controlfield>
	<controlfield tag="008">190404s18uu    ua      o     000 0 ara d</controlfield>
	<datafield ind1=" " ind2=" " tag="040">
		<subfield code="a">ZYU</subfield>
		<subfield code="b">ara</subfield>
		<subfield code="e">rda</subfield>
		<subfield code="c">ZYU</subfield>
	</datafield>
	<datafield ind1=" " ind2=" " tag="043">
		<subfield code="a">e-sp---</subfield>
	</datafield>
	<datafield ind1=" " ind2="4" tag="050">
		<subfield code="a">PJ7815.S7</subfield>
		<subfield code="b">M33</subfield>
	</datafield>
	<datafield ind1="1" ind2=" " tag="100">
		<subfield code="6">880-01</subfield>
		<subfield code="a">Maqqarī, Aḥmad ibn Muḥammad,</subfield>
		<subfield code="d">-1631 or 1632.</subfield>
	</datafield>
	<datafield ind1="1" ind2="0" tag="245">
		<subfield code="6">880-02</subfield>
		<subfield code="a">Nafḥ al-ṭīb min ghuṣn al-Andalus al-raṭīb wa-dhikr waziriha Lisān al-Dīn ibn al-Khaṭīb.</subfield>
	</datafield>
	<datafield ind1=" " ind2=" " tag="260">
		<subfield code="6">880-03</subfield>
		<subfield code="a">[al-Qāhirah] :</subfield>
		<subfield code="b">al-Maktabah al-Tijārīyah al-Kubrā,</subfield>
		<subfield code="c">1949.</subfield>
	</datafield>
	<datafield ind1=" " ind2=" " tag="300">
		<subfield code="a">online resource (volumes)</subfield>
	</datafield>
	<datafield ind1=" " ind2=" " tag="336">
		<subfield code="a">text</subfield>
		<subfield code="2">rdacontent</subfield>
	</datafield>
	<datafield ind1=" " ind2=" " tag="337">
		<subfield code="a">computer</subfield>
		<subfield code="2">rdamedia</subfield>
	</datafield>
	<datafield ind1=" " ind2=" " tag="338">
		<subfield code="a">online resource</subfield>
		<subfield code="2">rdacarrier</subfield>
	</datafield>
	<datafield ind1=" " ind2=" " tag="500">
		<subfield code="a">History of the learned men and rulers of Moslem Spain.</subfield>
	</datafield>
	<datafield ind1=" " ind2=" " tag="500">
		<subfield code="a">Part of the Arabic Collections Online (ACO) project, contributed by Columbia University Libraries.</subfield>
	</datafield>
	<datafield ind1=" " ind2=" " tag="533">
		<subfield code="a">Electronic reproduction.</subfield>
		<subfield code="b">New York, N.Y. :</subfield>
		<subfield code="c">New York University,</subfield>
		<subfield code="d">2019.</subfield>
		<subfield code="5">NNU</subfield>
	</datafield>
	<datafield ind1=" " ind2="0" tag="650">
		<subfield code="a">Arabs</subfield>
		<subfield code="z">Spain.</subfield>
	</datafield>
	<datafield ind1=" " ind2="0" tag="651">
		<subfield code="a">Spain</subfield>
		<subfield code="x">History</subfield>
		<subfield code="y">711-1492 (Arab period.)</subfield>
	</datafield>
	<datafield ind1="0" ind2="0" tag="600">
		<subfield code="a">Ibn al-Khaṭīb,</subfield>
		<subfield code="d">1313-1374.</subfield>
	</datafield>
	<datafield ind1="0" ind2="7" tag="600">
		<subfield code="a">Ibn al-Khaṭīb,</subfield>
		<subfield code="d">1313-1374.</subfield>
		<subfield code="2">fast</subfield>
		<subfield code="0">(OCoLC)fst01898264</subfield>
	</datafield>
	<datafield ind1=" " ind2="7" tag="650">
		<subfield code="a">Arabs.</subfield>
		<subfield code="2">fast</subfield>
		<subfield code="0">(OCoLC)fst00812576</subfield>
	</datafield>
	<datafield ind1=" " ind2="7" tag="651">
		<subfield code="a">Spain.</subfield>
		<subfield code="2">fast</subfield>
		<subfield code="0">(OCoLC)fst01204303</subfield>
	</datafield>
	<datafield ind1=" " ind2="7" tag="648">
		<subfield code="a">711-1492</subfield>
		<subfield code="2">fast</subfield>
	</datafield>
	<datafield ind1=" " ind2="7" tag="655">
		<subfield code="a">History.</subfield>
		<subfield code="2">fast</subfield>
		<subfield code="0">(OCoLC)fst01411628</subfield>
	</datafield>
	<datafield ind1="2" ind2=" " tag="710">
		<subfield code="a">Columbia University.</subfield>
		<subfield code="b">Libraries.</subfield>
	</datafield>
	<datafield ind1="0" ind2=" " tag="730">
		<subfield code="a">Arabic Collections Online.</subfield>
	</datafield>
	<datafield ind1="0" ind2="8" tag="776">
		<subfield code="i">Online version:</subfield>
		<subfield code="a">Maqqarī, Aḥmad ibn Muḥammad, -1631 or 1632.</subfield>
		<subfield code="t">Nafḥ al-ṭīb min ghuṣn al-Andalus al-raṭīb wa-dhikr waziriha Lisān al-Dīn ibn al-Khaṭīb.</subfield>
		<subfield code="d">[Cairo], [12??/18??]-</subfield>
		<subfield code="w">(OCoLC)906106443</subfield>
	</datafield>
	<datafield ind1="0" ind2="8" tag="776">
		<subfield code="i">Print version:</subfield>
		<subfield code="a">Maqqarī, Aḥmad ibn Muḥammad, -1631 or 1632.</subfield>
		<subfield code="t">Nafḥ al-ṭīb min ghuṣn al-Andalus al-raṭīb wa-dhikr waziriha Lisān al-Dīn ibn al-Khaṭīb</subfield>
		<subfield code="w">(NNC)5267866</subfield>
		<subfield code="w">(OCoLC)29928674</subfield>
	</datafield>
	<datafield ind1="4" ind2="0" tag="856">
		<subfield code="u">http://hdl.handle.net/2333.1/ghx3fpk6</subfield>
	</datafield>
	<datafield ind1="1" ind2=" " tag="880">
		<subfield code="6">100-01</subfield>
		<subfield code="a">مقري، احمد بن محمد،</subfield>
		<subfield code="d">-1631 or 1632.</subfield>
	</datafield>
	<datafield ind1="1" ind2="0" tag="880">
		<subfield code="6">245-02</subfield>
		<subfield code="a">نفح الطيب من غصن الاندلس الرطيب وذكر وزيرها لسان الدين بن الخطيب.</subfield>
	</datafield>
	<datafield ind1=" " ind2=" " tag="880">
		<subfield code="6">260-03</subfield>
		<subfield code="a">[القاهرة] :</subfield>
		<subfield code="b">المكتبة التجارية الكبرى،</subfield>
		<subfield code="c">1949.</subfield>
	</datafield>
	<datafield ind1=" " ind2=" " tag="959">
		<subfield code="a">NNU</subfield>
		<subfield code="b">WEB</subfield>
		<subfield code="c">GENI</subfield>
		<subfield code="t">0</subfield>
		<subfield code="m">Electronic access</subfield>
		<subfield code="s">01</subfield>
	</datafield>
	<datafield ind1=" " ind2=" " tag="999">
		<subfield code="i">NNC_5267866</subfield>
		<subfield code="o">(OCoLC)ocm29928674</subfield>
		<subfield code="s">columbia_aco003797:v.1</subfield>
		<subfield code="s">columbia_aco003798:v.2</subfield>
		<subfield code="s">columbia_aco003799:v.3</subfield>
		<subfield code="s">columbia_aco003800:v.4</subfield>
		<subfield code="s">columbia_aco003801:v.5</subfield>
		<subfield code="s">columbia_aco003802:v.6</subfield>
		<subfield code="s">columbia_aco003803:v.7</subfield>
		<subfield code="s">columbia_aco003804:v.8</subfield>
		<subfield code="s">columbia_aco003805:v.9</subfield>
		<subfield code="s">columbia_aco003806:v.10</subfield>
		<subfield code="e">(ERROR-880)</subfield>
		<subfield code="s">columbia_aco003797:v.1</subfield>
		<subfield code="s">columbia_aco003798:v.2</subfield>
		<subfield code="s">columbia_aco003799:v.3</subfield>
		<subfield code="s">columbia_aco003800:v.4</subfield>
		<subfield code="s">columbia_aco003801:v.5</subfield>
		<subfield code="s">columbia_aco003802:v.6</subfield>
		<subfield code="s">columbia_aco003803:v.7</subfield>
		<subfield code="s">columbia_aco003804:v.8</subfield>
		<subfield code="s">columbia_aco003805:v.9</subfield>
		<subfield code="s">columbia_aco003806:v.10</subfield>
	</datafield>
</record>
